<?xml version="1.0" encoding="UTF-8"?><collection xmlns="http://www.loc.gov/MARC21/slim"><record><leader>00512nam--2200169-i-4500</leader><controlfield tag="001">000009229</controlfield><controlfield tag="002">20161230</controlfield><controlfield tag="005">20161230201028</controlfield><controlfield tag="008">060222s1000------------r-----000-0-eng-d</controlfield><datafield ind1=" " ind2=" " tag="040"><subfield code="a">IFIN-HH</subfield></datafield><datafield ind1=" " ind2=" " tag="080"><subfield code="a">538.632</subfield></datafield><datafield ind1="1" ind2=" " tag="100"><subfield code="a">Ahrenkiel, Richard Keith</subfield></datafield><datafield ind1="1" ind2="0" tag="245"><subfield code="a">Hall mobility of electrons in alkali halide crystals</subfield><subfield code="b">Dissertation</subfield><subfield code="c">Richard keith ahrenkiel</subfield></datafield><datafield ind1=" " ind2=" " tag="260"><subfield code="a">Ann Arbor, Michigan</subfield><subfield code="b">University Microfilms, Inc</subfield><subfield code="c">1964</subfield></datafield><datafield ind1=" " ind2=" " tag="300"><subfield code="a">VI + 152 P</subfield></datafield><datafield ind1=" " ind2=" " tag="852"><subfield code="a">32562</subfield><subfield code="c">537:538</subfield></datafield><datafield ind1=" " ind2=" " tag="CAT"><subfield code="a">Sys</subfield><subfield code="c">20110616</subfield><subfield code="h">121435</subfield></datafield></record></collection>